%YAML 1.1
%TAG !u! tag:unity3d.com,2011:
--- !u!1 &6853844480118094977
GameObject:
  m_ObjectHideFlags: 0
  m_CorrespondingSourceObject: {fileID: 0}
  m_PrefabInstance: {fileID: 0}
  m_PrefabAsset: {fileID: 0}
  serializedVersion: 6
  m_Component:
  - component: {fileID: 6853844480118094978}
  - component: {fileID: 8580857866502921981}
  - component: {fileID: -2221570063337805695}
  m_Layer: 0
  m_Name: Group II3
  m_TagString: Untagged
  m_Icon: {fileID: 0}
  m_NavMeshLayer: 0
  m_StaticEditorFlags: 0
  m_IsActive: 1
--- !u!4 &6853844480118094978
Transform:
  m_ObjectHideFlags: 0
  m_CorrespondingSourceObject: {fileID: 0}
  m_PrefabInstance: {fileID: 0}
  m_PrefabAsset: {fileID: 0}
  m_GameObject: {fileID: 6853844480118094977}
  m_LocalRotation: {x: 0, y: 0, z: 0, w: 1}
  m_LocalPosition: {x: 0, y: 0, z: 0}
  m_LocalScale: {x: 0, y: 0, z: 0}
  m_Children:
  - {fileID: 7133840484639276563}
  - {fileID: 7133840485257086645}
  - {fileID: 7133840484945894007}
  - {fileID: 943453136877141856}
  - {fileID: 7510038995696122544}
  - {fileID: 4333152755799061009}
  m_Father: {fileID: 0}
  m_RootOrder: 0
  m_LocalEulerAnglesHint: {x: 0, y: 0, z: 0}
--- !u!114 &8580857866502921981
MonoBehaviour:
  m_ObjectHideFlags: 0
  m_CorrespondingSourceObject: {fileID: 0}
  m_PrefabInstance: {fileID: 0}
  m_PrefabAsset: {fileID: 0}
  m_GameObject: {fileID: 6853844480118094977}
  m_Enabled: 1
  m_EditorHideFlags: 0
  m_Script: {fileID: 11500000, guid: 24c787f080650c64e92f9e1a052e7645, type: 3}
  m_Name: 
  m_EditorClassIdentifier: 
  initialPos: {x: 0, y: 0, z: 0}
  id: 5
--- !u!61 &-2221570063337805695
BoxCollider2D:
  m_ObjectHideFlags: 0
  m_CorrespondingSourceObject: {fileID: 0}
  m_PrefabInstance: {fileID: 0}
  m_PrefabAsset: {fileID: 0}
  m_GameObject: {fileID: 6853844480118094977}
  m_Enabled: 1
  m_Density: 1
  m_Material: {fileID: 0}
  m_IsTrigger: 0
  m_UsedByEffector: 0
  m_UsedByComposite: 0
  m_Offset: {x: 0, y: 0}
  m_SpriteTilingProperty:
    border: {x: 0, y: 0, z: 0, w: 0}
    pivot: {x: 0, y: 0}
    oldSize: {x: 0, y: 0}
    newSize: {x: 0, y: 0}
    adaptiveTilingThreshold: 0
    drawMode: 0
    adaptiveTiling: 0
  m_AutoTiling: 0
  serializedVersion: 2
  m_Size: {x: 3, y: 3}
  m_EdgeRadius: 0
--- !u!1001 &17929029398311003
PrefabInstance:
  m_ObjectHideFlags: 0
  serializedVersion: 2
  m_Modification:
    m_TransformParent: {fileID: 6853844480118094978}
    m_Modifications:
    - target: {fileID: 8678420799912539189, guid: 3eecbe896b338624a9065761780b16a6,
        type: 3}
      propertyPath: m_Name
      value: BaseBlock (5)
      objectReference: {fileID: 0}
    - target: {fileID: 4331830769893524042, guid: 3eecbe896b338624a9065761780b16a6,
        type: 3}
      propertyPath: m_LocalPosition.x
      value: 0.33
      objectReference: {fileID: 0}
    - target: {fileID: 4331830769893524042, guid: 3eecbe896b338624a9065761780b16a6,
        type: 3}
      propertyPath: m_LocalPosition.y
      value: -0.65999997
      objectReference: {fileID: 0}
    - target: {fileID: 4331830769893524042, guid: 3eecbe896b338624a9065761780b16a6,
        type: 3}
      propertyPath: m_LocalPosition.z
      value: 0
      objectReference: {fileID: 0}
    - target: {fileID: 4331830769893524042, guid: 3eecbe896b338624a9065761780b16a6,
        type: 3}
      propertyPath: m_LocalRotation.x
      value: -0
      objectReference: {fileID: 0}
    - target: {fileID: 4331830769893524042, guid: 3eecbe896b338624a9065761780b16a6,
        type: 3}
      propertyPath: m_LocalRotation.y
      value: -0
      objectReference: {fileID: 0}
    - target: {fileID: 4331830769893524042, guid: 3eecbe896b338624a9065761780b16a6,
        type: 3}
      propertyPath: m_LocalRotation.z
      value: -0
      objectReference: {fileID: 0}
    - target: {fileID: 4331830769893524042, guid: 3eecbe896b338624a9065761780b16a6,
        type: 3}
      propertyPath: m_LocalRotation.w
      value: 1
      objectReference: {fileID: 0}
    - target: {fileID: 4331830769893524042, guid: 3eecbe896b338624a9065761780b16a6,
        type: 3}
      propertyPath: m_RootOrder
      value: 5
      objectReference: {fileID: 0}
    - target: {fileID: 4331830769893524042, guid: 3eecbe896b338624a9065761780b16a6,
        type: 3}
      propertyPath: m_LocalEulerAnglesHint.x
      value: 0
      objectReference: {fileID: 0}
    - target: {fileID: 4331830769893524042, guid: 3eecbe896b338624a9065761780b16a6,
        type: 3}
      propertyPath: m_LocalEulerAnglesHint.y
      value: 0
      objectReference: {fileID: 0}
    - target: {fileID: 4331830769893524042, guid: 3eecbe896b338624a9065761780b16a6,
        type: 3}
      propertyPath: m_LocalEulerAnglesHint.z
      value: 0
      objectReference: {fileID: 0}
    m_RemovedComponents: []
  m_SourcePrefab: {fileID: 100100000, guid: 3eecbe896b338624a9065761780b16a6, type: 3}
--- !u!4 &4333152755799061009 stripped
Transform:
  m_CorrespondingSourceObject: {fileID: 4331830769893524042, guid: 3eecbe896b338624a9065761780b16a6,
    type: 3}
  m_PrefabInstance: {fileID: 17929029398311003}
  m_PrefabAsset: {fileID: 0}
--- !u!1001 &3533655013649186090
PrefabInstance:
  m_ObjectHideFlags: 0
  serializedVersion: 2
  m_Modification:
    m_TransformParent: {fileID: 6853844480118094978}
    m_Modifications:
    - target: {fileID: 8678420799912539189, guid: 3eecbe896b338624a9065761780b16a6,
        type: 3}
      propertyPath: m_Name
      value: BaseBlock (3)
      objectReference: {fileID: 0}
    - target: {fileID: 4331830769893524042, guid: 3eecbe896b338624a9065761780b16a6,
        type: 3}
      propertyPath: m_LocalPosition.x
      value: 0.33
      objectReference: {fileID: 0}
    - target: {fileID: 4331830769893524042, guid: 3eecbe896b338624a9065761780b16a6,
        type: 3}
      propertyPath: m_LocalPosition.y
      value: 0.000000029802322
      objectReference: {fileID: 0}
    - target: {fileID: 4331830769893524042, guid: 3eecbe896b338624a9065761780b16a6,
        type: 3}
      propertyPath: m_LocalPosition.z
      value: 0
      objectReference: {fileID: 0}
    - target: {fileID: 4331830769893524042, guid: 3eecbe896b338624a9065761780b16a6,
        type: 3}
      propertyPath: m_LocalRotation.x
      value: -0
      objectReference: {fileID: 0}
    - target: {fileID: 4331830769893524042, guid: 3eecbe896b338624a9065761780b16a6,
        type: 3}
      propertyPath: m_LocalRotation.y
      value: -0
      objectReference: {fileID: 0}
    - target: {fileID: 4331830769893524042, guid: 3eecbe896b338624a9065761780b16a6,
        type: 3}
      propertyPath: m_LocalRotation.z
      value: -0
      objectReference: {fileID: 0}
    - target: {fileID: 4331830769893524042, guid: 3eecbe896b338624a9065761780b16a6,
        type: 3}
      propertyPath: m_LocalRotation.w
      value: 1
      objectReference: {fileID: 0}
    - target: {fileID: 4331830769893524042, guid: 3eecbe896b338624a9065761780b16a6,
        type: 3}
      propertyPath: m_RootOrder
      value: 3
      objectReference: {fileID: 0}
    - target: {fileID: 4331830769893524042, guid: 3eecbe896b338624a9065761780b16a6,
        type: 3}
      propertyPath: m_LocalEulerAnglesHint.x
      value: 0
      objectReference: {fileID: 0}
    - target: {fileID: 4331830769893524042, guid: 3eecbe896b338624a9065761780b16a6,
        type: 3}
      propertyPath: m_LocalEulerAnglesHint.y
      value: 0
      objectReference: {fileID: 0}
    - target: {fileID: 4331830769893524042, guid: 3eecbe896b338624a9065761780b16a6,
        type: 3}
      propertyPath: m_LocalEulerAnglesHint.z
      value: 0
      objectReference: {fileID: 0}
    m_RemovedComponents: []
  m_SourcePrefab: {fileID: 100100000, guid: 3eecbe896b338624a9065761780b16a6, type: 3}
--- !u!4 &943453136877141856 stripped
Transform:
  m_CorrespondingSourceObject: {fileID: 4331830769893524042, guid: 3eecbe896b338624a9065761780b16a6,
    type: 3}
  m_PrefabInstance: {fileID: 3533655013649186090}
  m_PrefabAsset: {fileID: 0}
--- !u!1001 &6063188217951172858
PrefabInstance:
  m_ObjectHideFlags: 0
  serializedVersion: 2
  m_Modification:
    m_TransformParent: {fileID: 6853844480118094978}
    m_Modifications:
    - target: {fileID: 8678420799912539189, guid: 3eecbe896b338624a9065761780b16a6,
        type: 3}
      propertyPath: m_Name
      value: BaseBlock (4)
      objectReference: {fileID: 0}
    - target: {fileID: 4331830769893524042, guid: 3eecbe896b338624a9065761780b16a6,
        type: 3}
      propertyPath: m_LocalPosition.x
      value: 0.33
      objectReference: {fileID: 0}
    - target: {fileID: 4331830769893524042, guid: 3eecbe896b338624a9065761780b16a6,
        type: 3}
      propertyPath: m_LocalPosition.y
      value: 0.66
      objectReference: {fileID: 0}
    - target: {fileID: 4331830769893524042, guid: 3eecbe896b338624a9065761780b16a6,
        type: 3}
      propertyPath: m_LocalPosition.z
      value: 0
      objectReference: {fileID: 0}
    - target: {fileID: 4331830769893524042, guid: 3eecbe896b338624a9065761780b16a6,
        type: 3}
      propertyPath: m_LocalRotation.x
      value: -0
      objectReference: {fileID: 0}
    - target: {fileID: 4331830769893524042, guid: 3eecbe896b338624a9065761780b16a6,
        type: 3}
      propertyPath: m_LocalRotation.y
      value: -0
      objectReference: {fileID: 0}
    - target: {fileID: 4331830769893524042, guid: 3eecbe896b338624a9065761780b16a6,
        type: 3}
      propertyPath: m_LocalRotation.z
      value: -0
      objectReference: {fileID: 0}
    - target: {fileID: 4331830769893524042, guid: 3eecbe896b338624a9065761780b16a6,
        type: 3}
      propertyPath: m_LocalRotation.w
      value: 1
      objectReference: {fileID: 0}
    - target: {fileID: 4331830769893524042, guid: 3eecbe896b338624a9065761780b16a6,
        type: 3}
      propertyPath: m_RootOrder
      value: 4
      objectReference: {fileID: 0}
    - target: {fileID: 4331830769893524042, guid: 3eecbe896b338624a9065761780b16a6,
        type: 3}
      propertyPath: m_LocalEulerAnglesHint.x
      value: 0
      objectReference: {fileID: 0}
    - target: {fileID: 4331830769893524042, guid: 3eecbe896b338624a9065761780b16a6,
        type: 3}
      propertyPath: m_LocalEulerAnglesHint.y
      value: 0
      objectReference: {fileID: 0}
    - target: {fileID: 4331830769893524042, guid: 3eecbe896b338624a9065761780b16a6,
        type: 3}
      propertyPath: m_LocalEulerAnglesHint.z
      value: 0
      objectReference: {fileID: 0}
    m_RemovedComponents: []
  m_SourcePrefab: {fileID: 100100000, guid: 3eecbe896b338624a9065761780b16a6, type: 3}
--- !u!4 &7510038995696122544 stripped
Transform:
  m_CorrespondingSourceObject: {fileID: 4331830769893524042, guid: 3eecbe896b338624a9065761780b16a6,
    type: 3}
  m_PrefabInstance: {fileID: 6063188217951172858}
  m_PrefabAsset: {fileID: 0}
--- !u!1001 &6853844479042672701
PrefabInstance:
  m_ObjectHideFlags: 0
  serializedVersion: 2
  m_Modification:
    m_TransformParent: {fileID: 6853844480118094978}
    m_Modifications:
    - target: {fileID: 8678420799912539189, guid: 3eecbe896b338624a9065761780b16a6,
        type: 3}
      propertyPath: m_Name
      value: BaseBlock (2)
      objectReference: {fileID: 0}
    - target: {fileID: 4331830769893524042, guid: 3eecbe896b338624a9065761780b16a6,
        type: 3}
      propertyPath: m_LocalPosition.x
      value: -0.33
      objectReference: {fileID: 0}
    - target: {fileID: 4331830769893524042, guid: 3eecbe896b338624a9065761780b16a6,
        type: 3}
      propertyPath: m_LocalPosition.y
      value: -0.65999997
      objectReference: {fileID: 0}
    - target: {fileID: 4331830769893524042, guid: 3eecbe896b338624a9065761780b16a6,
        type: 3}
      propertyPath: m_LocalPosition.z
      value: 0
      objectReference: {fileID: 0}
    - target: {fileID: 4331830769893524042, guid: 3eecbe896b338624a9065761780b16a6,
        type: 3}
      propertyPath: m_LocalRotation.x
      value: -0
      objectReference: {fileID: 0}
    - target: {fileID: 4331830769893524042, guid: 3eecbe896b338624a9065761780b16a6,
        type: 3}
      propertyPath: m_LocalRotation.y
      value: -0
      objectReference: {fileID: 0}
    - target: {fileID: 4331830769893524042, guid: 3eecbe896b338624a9065761780b16a6,
        type: 3}
      propertyPath: m_LocalRotation.z
      value: -0
      objectReference: {fileID: 0}
    - target: {fileID: 4331830769893524042, guid: 3eecbe896b338624a9065761780b16a6,
        type: 3}
      propertyPath: m_LocalRotation.w
      value: 1
      objectReference: {fileID: 0}
    - target: {fileID: 4331830769893524042, guid: 3eecbe896b338624a9065761780b16a6,
        type: 3}
      propertyPath: m_RootOrder
      value: 2
      objectReference: {fileID: 0}
    - target: {fileID: 4331830769893524042, guid: 3eecbe896b338624a9065761780b16a6,
        type: 3}
      propertyPath: m_LocalEulerAnglesHint.x
      value: 0
      objectReference: {fileID: 0}
    - target: {fileID: 4331830769893524042, guid: 3eecbe896b338624a9065761780b16a6,
        type: 3}
      propertyPath: m_LocalEulerAnglesHint.y
      value: 0
      objectReference: {fileID: 0}
    - target: {fileID: 4331830769893524042, guid: 3eecbe896b338624a9065761780b16a6,
        type: 3}
      propertyPath: m_LocalEulerAnglesHint.z
      value: 0
      objectReference: {fileID: 0}
    m_RemovedComponents: []
  m_SourcePrefab: {fileID: 100100000, guid: 3eecbe896b338624a9065761780b16a6, type: 3}
--- !u!4 &7133840484945894007 stripped
Transform:
  m_CorrespondingSourceObject: {fileID: 4331830769893524042, guid: 3eecbe896b338624a9065761780b16a6,
    type: 3}
  m_PrefabInstance: {fileID: 6853844479042672701}
  m_PrefabAsset: {fileID: 0}
--- !u!1001 &6853844479219416153
PrefabInstance:
  m_ObjectHideFlags: 0
  serializedVersion: 2
  m_Modification:
    m_TransformParent: {fileID: 6853844480118094978}
    m_Modifications:
    - target: {fileID: 8678420799912539189, guid: 3eecbe896b338624a9065761780b16a6,
        type: 3}
      propertyPath: m_Name
      value: BaseBlock
      objectReference: {fileID: 0}
    - target: {fileID: 4331830769893524042, guid: 3eecbe896b338624a9065761780b16a6,
        type: 3}
      propertyPath: m_LocalPosition.x
      value: -0.33
      objectReference: {fileID: 0}
    - target: {fileID: 4331830769893524042, guid: 3eecbe896b338624a9065761780b16a6,
        type: 3}
      propertyPath: m_LocalPosition.y
      value: 0.000000029802322
      objectReference: {fileID: 0}
    - target: {fileID: 4331830769893524042, guid: 3eecbe896b338624a9065761780b16a6,
        type: 3}
      propertyPath: m_LocalPosition.z
      value: 0
      objectReference: {fileID: 0}
    - target: {fileID: 4331830769893524042, guid: 3eecbe896b338624a9065761780b16a6,
        type: 3}
      propertyPath: m_LocalRotation.x
      value: -0
      objectReference: {fileID: 0}
    - target: {fileID: 4331830769893524042, guid: 3eecbe896b338624a9065761780b16a6,
        type: 3}
      propertyPath: m_LocalRotation.y
      value: -0
      objectReference: {fileID: 0}
    - target: {fileID: 4331830769893524042, guid: 3eecbe896b338624a9065761780b16a6,
        type: 3}
      propertyPath: m_LocalRotation.z
      value: -0
      objectReference: {fileID: 0}
    - target: {fileID: 4331830769893524042, guid: 3eecbe896b338624a9065761780b16a6,
        type: 3}
      propertyPath: m_LocalRotation.w
      value: 1
      objectReference: {fileID: 0}
    - target: {fileID: 4331830769893524042, guid: 3eecbe896b338624a9065761780b16a6,
        type: 3}
      propertyPath: m_RootOrder
      value: 0
      objectReference: {fileID: 0}
    - target: {fileID: 4331830769893524042, guid: 3eecbe896b338624a9065761780b16a6,
        type: 3}
      propertyPath: m_LocalEulerAnglesHint.x
      value: 0
      objectReference: {fileID: 0}
    - target: {fileID: 4331830769893524042, guid: 3eecbe896b338624a9065761780b16a6,
        type: 3}
      propertyPath: m_LocalEulerAnglesHint.y
      value: 0
      objectReference: {fileID: 0}
    - target: {fileID: 4331830769893524042, guid: 3eecbe896b338624a9065761780b16a6,
        type: 3}
      propertyPath: m_LocalEulerAnglesHint.z
      value: 0
      objectReference: {fileID: 0}
    m_RemovedComponents: []
  m_SourcePrefab: {fileID: 100100000, guid: 3eecbe896b338624a9065761780b16a6, type: 3}
--- !u!4 &7133840484639276563 stripped
Transform:
  m_CorrespondingSourceObject: {fileID: 4331830769893524042, guid: 3eecbe896b338624a9065761780b16a6,
    type: 3}
  m_PrefabInstance: {fileID: 6853844479219416153}
  m_PrefabAsset: {fileID: 0}
--- !u!1001 &6853844479637505279
PrefabInstance:
  m_ObjectHideFlags: 0
  serializedVersion: 2
  m_Modification:
    m_TransformParent: {fileID: 6853844480118094978}
    m_Modifications:
    - target: {fileID: 8678420799912539189, guid: 3eecbe896b338624a9065761780b16a6,
        type: 3}
      propertyPath: m_Name
      value: BaseBlock (1)
      objectReference: {fileID: 0}
    - target: {fileID: 4331830769893524042, guid: 3eecbe896b338624a9065761780b16a6,
        type: 3}
      propertyPath: m_LocalPosition.x
      value: -0.33
      objectReference: {fileID: 0}
    - target: {fileID: 4331830769893524042, guid: 3eecbe896b338624a9065761780b16a6,
        type: 3}
      propertyPath: m_LocalPosition.y
      value: 0.66
      objectReference: {fileID: 0}
    - target: {fileID: 4331830769893524042, guid: 3eecbe896b338624a9065761780b16a6,
        type: 3}
      propertyPath: m_LocalPosition.z
      value: 0
      objectReference: {fileID: 0}
    - target: {fileID: 4331830769893524042, guid: 3eecbe896b338624a9065761780b16a6,
        type: 3}
      propertyPath: m_LocalRotation.x
      value: -0
      objectReference: {fileID: 0}
    - target: {fileID: 4331830769893524042, guid: 3eecbe896b338624a9065761780b16a6,
        type: 3}
      propertyPath: m_LocalRotation.y
      value: -0
      objectReference: {fileID: 0}
    - target: {fileID: 4331830769893524042, guid: 3eecbe896b338624a9065761780b16a6,
        type: 3}
      propertyPath: m_LocalRotation.z
      value: -0
      objectReference: {fileID: 0}
    - target: {fileID: 4331830769893524042, guid: 3eecbe896b338624a9065761780b16a6,
        type: 3}
      propertyPath: m_LocalRotation.w
      value: 1
      objectReference: {fileID: 0}
    - target: {fileID: 4331830769893524042, guid: 3eecbe896b338624a9065761780b16a6,
        type: 3}
      propertyPath: m_RootOrder
      value: 1
      objectReference: {fileID: 0}
    - target: {fileID: 4331830769893524042, guid: 3eecbe896b338624a9065761780b16a6,
        type: 3}
      propertyPath: m_LocalEulerAnglesHint.x
      value: 0
      objectReference: {fileID: 0}
    - target: {fileID: 4331830769893524042, guid: 3eecbe896b338624a9065761780b16a6,
        type: 3}
      propertyPath: m_LocalEulerAnglesHint.y
      value: 0
      objectReference: {fileID: 0}
    - target: {fileID: 4331830769893524042, guid: 3eecbe896b338624a9065761780b16a6,
        type: 3}
      propertyPath: m_LocalEulerAnglesHint.z
      value: 0
      objectReference: {fileID: 0}
    m_RemovedComponents: []
  m_SourcePrefab: {fileID: 100100000, guid: 3eecbe896b338624a9065761780b16a6, type: 3}
--- !u!4 &7133840485257086645 stripped
Transform:
  m_CorrespondingSourceObject: {fileID: 4331830769893524042, guid: 3eecbe896b338624a9065761780b16a6,
    type: 3}
  m_PrefabInstance: {fileID: 6853844479637505279}
  m_PrefabAsset: {fileID: 0}
